<record><leader>00000cas a22000007a 4500</leader><controlfield tag="001">23097348</controlfield><controlfield tag="008">910213d18831883couwr ne      0    0eng d</controlfield><datafield ind1=" " ind2=" " tag="010"><subfield code="a">sn 91052052 </subfield></datafield><datafield ind1=" " ind2=" " tag="040"><subfield code="a">CNQ</subfield><subfield code="b">eng</subfield><subfield code="c">CNQ</subfield><subfield code="d">OCLCQ</subfield></datafield><datafield ind1=" " ind2=" " tag="042"><subfield code="a">msc</subfield></datafield><datafield ind1="0" ind2=" " tag="130"><subfield code="a">Weekly republic (Colorado Springs, Colo. : 1883)</subfield></datafield><datafield ind1="1" ind2="0" tag="245"><subfield code="a">Weekly republic.</subfield></datafield><datafield ind1="1" ind2="7" tag="246"><subfield code="a">Colorado state republlic</subfield></datafield><datafield ind1=" " ind2=" " tag="260"><subfield code="a">Colorado Springs, Colo. :</subfield><subfield code="b">W.T. Hogue &amp; Co.</subfield></datafield><datafield ind1=" " ind2=" " tag="300"><subfield code="a">v.</subfield></datafield><datafield ind1=" " ind2=" " tag="310"><subfield code="a">Weekly</subfield></datafield><datafield ind1="0" ind2=" " tag="362"><subfield code="a">Vol. 2, no. 48 (Oct. 18, 1883)-v. 2, no. 9 (Nov. 8, 1883).</subfield></datafield><datafield ind1=" " ind2=" " tag="515"><subfield code="a">Numbering is irregular.</subfield></datafield><datafield ind1=" " ind2=" " tag="752"><subfield code="a">United States</subfield><subfield code="b">Colorado</subfield><subfield code="c">El Paso</subfield><subfield code="d">Colorado Springs.</subfield></datafield><datafield ind1="0" ind2="0" tag="780"><subfield code="t">Weekly republic and Colorado mountaineer</subfield><subfield code="w">(DLC)sn 91052345</subfield></datafield><datafield ind1="0" ind2="0" tag="785"><subfield code="t">Colorado state republic</subfield><subfield code="w">(DLC)sn 91052576</subfield></datafield></record>